<record><leader>00000cas a22000007a 4500</leader><controlfield tag="001">16838762</controlfield><controlfield tag="008">871010d18811971iauwr ne      0    0eng d</controlfield><datafield ind1=" " ind2=" " tag="010"><subfield code="a">sn 87057648 </subfield></datafield><datafield ind1=" " ind2=" " tag="040"><subfield code="a">INP</subfield><subfield code="b">eng</subfield><subfield code="c">INP</subfield><subfield code="d">CRL</subfield><subfield code="d">OCLCQ</subfield><subfield code="d">OCLCF</subfield><subfield code="d">OCLCO</subfield></datafield><datafield ind1="1" ind2=" " tag="029"><subfield code="a">AU@</subfield><subfield code="b">000020472778</subfield></datafield><datafield ind1=" " ind2=" " tag="042"><subfield code="a">msc</subfield></datafield><datafield ind1=" " ind2=" " tag="043"><subfield code="a">n-us-ia</subfield></datafield><datafield ind1="0" ind2="0" tag="245"><subfield code="a">Casey vindicator.</subfield></datafield><datafield ind1="1" ind2="3" tag="246"><subfield code="a">Casey weekly vindicator</subfield></datafield><datafield ind1=" " ind2=" " tag="260"><subfield code="a">Casey, Iowa :</subfield><subfield code="b">Cowman &amp; Co.,</subfield><subfield code="c">1881-</subfield></datafield><datafield ind1=" " ind2=" " tag="300"><subfield code="a">v.</subfield></datafield><datafield ind1=" " ind2=" " tag="310"><subfield code="a">Weekly</subfield></datafield><datafield ind1="0" ind2=" " tag="362"><subfield code="a">Vol. 4, no. 26 (Sept. 9, 1881)-</subfield></datafield><datafield ind1="1" ind2=" " tag="362"><subfield code="a">Ceased in Nov. 1971.</subfield></datafield><datafield ind1=" " ind2=" " tag="500"><subfield code="a">Publisher varies.</subfield></datafield><datafield ind1=" " ind2=" " tag="515"><subfield code="a">Early issues have numerous irregularities in numbering.</subfield></datafield><datafield ind1=" " ind2=" " tag="530"><subfield code="a">Also issued on microfilm from Iowa State Historical Dept.</subfield></datafield><datafield ind1=" " ind2="0" tag="651"><subfield code="a">Guthrie County (Iowa)</subfield><subfield code="v">Newspapers.</subfield></datafield><datafield ind1=" " ind2="4" tag="651"><subfield code="a">Casey (Iowa)</subfield><subfield code="v">Newspapers.</subfield></datafield><datafield ind1=" " ind2="7" tag="655"><subfield code="a">Newspapers.</subfield><subfield code="2">fast</subfield><subfield code="0">(OCoLC)fst01423814</subfield></datafield><datafield ind1=" " ind2="7" tag="651"><subfield code="a">Iowa</subfield><subfield code="z">Guthrie County.</subfield><subfield code="2">fast</subfield><subfield code="0">(OCoLC)fst01214937</subfield></datafield><datafield ind1=" " ind2=" " tag="752"><subfield code="a">United States</subfield><subfield code="b">Iowa</subfield><subfield code="c">Guthrie</subfield><subfield code="d">Casey.</subfield></datafield><datafield ind1="0" ind2="0" tag="780"><subfield code="t">Casey weekly vindicator</subfield><subfield code="w">(DLC)sn 87057647</subfield></datafield><datafield ind1="0" ind2="7" tag="785"><subfield code="t">Adair news (Adair, Iowa : 1897)</subfield><subfield code="w">(DLC)sn 85050964</subfield></datafield><datafield ind1="0" ind2="7" tag="785"><subfield code="t">Adair news (with the Casey vindicator)</subfield><subfield code="w">(DLC)sn 85050965</subfield></datafield></record>